<record><leader>00000cas a22000007a 4500</leader><controlfield tag="001">32967633</controlfield><controlfield tag="008">950811c19929999cauwr ne      0   a0eng c</controlfield><datafield ind1=" " ind2=" " tag="010"><subfield code="a">sn 95003448 </subfield></datafield><datafield ind1=" " ind2=" " tag="040"><subfield code="a">NSD</subfield><subfield code="b">eng</subfield><subfield code="c">NSD</subfield><subfield code="d">OCLCQ</subfield></datafield><datafield ind1=" " ind2=" " tag="012"><subfield code="l">1</subfield></datafield><datafield ind1="0" ind2=" " tag="022"><subfield code="a">1083-8929</subfield><subfield code="l">1083-8929</subfield><subfield code="2">1</subfield></datafield><datafield ind1=" " ind2=" " tag="037"><subfield code="b">L. Mendoza-Allen, 520 E. Wilson, Suite 110, Glendale, CA 91206</subfield><subfield code="c">Free (single issue)</subfield></datafield><datafield ind1=" " ind2=" " tag="042"><subfield code="a">nsdp</subfield><subfield code="a">pcc</subfield></datafield><datafield ind1="1" ind2="0" tag="082"><subfield code="a">070</subfield><subfield code="2">12</subfield></datafield><datafield ind1="0" ind2=" " tag="210"><subfield code="a">Weekend Balita</subfield></datafield><datafield ind1=" " ind2="0" tag="222"><subfield code="a">Weekend Balita</subfield></datafield><datafield ind1="0" ind2="0" tag="245"><subfield code="a">Weekend Balita.</subfield></datafield><datafield ind1=" " ind2=" " tag="260"><subfield code="a">Glendale, CA :</subfield><subfield code="b">L. Mendoza-Allen</subfield></datafield><datafield ind1=" " ind2=" " tag="300"><subfield code="a">v.</subfield></datafield><datafield ind1=" " ind2=" " tag="310"><subfield code="a">Weekly</subfield></datafield><datafield ind1="1" ind2=" " tag="362"><subfield code="a">Began in 1992.</subfield></datafield><datafield ind1=" " ind2=" " tag="588"><subfield code="a">Description based on: Vol. 4, no. 158 (July 28-Aug. 4, 1995); title from caption.</subfield></datafield></record>